\thebibliography}{99}
@article{Hirono2021,
  title = {Structural reduction of chemical reaction networks based on topology},
  author = {Hirono, Yuji and Okada, Takashi and Miyazaki, Hiroyasu and Hidaka, Yoshimasa},
  journal = {Phys. Rev. Res.},
  volume = {3},
  issue = {4},
  pages = {043123},
  numpages = {32},
  year = {2021},
  month = {Nov},
  publisher = {American Physical Society},
  doi = {10.1103/PhysRevResearch.3.043123},
  url = {https://link.aps.org/doi/10.1103/PhysRevResearch.3.043123}
}
@misc{duta2023sheaf,
      title={Sheaf Hypergraph Networks}, 
      author={Iulia Duta and Giulia Cassarà and Fabrizio Silvestri and Pietro Liò},
      year={2023},
      eprint={2309.17116},
      archivePrefix={arXiv},
      primaryClass={cs.LG}
}
@misc{jost2018hypergraph,
      title={Hypergraph Laplace Operators for Chemical Reaction Networks}, 
      author={Jürgen Jost and Raffaella Mulas},
      year={2018},
      eprint={1804.01474},
      archivePrefix={arXiv},
      primaryClass={math.SP}
}
@misc{MorphismsReaction,
	author = {Luca Cardelli},
  journal = {Bio Med Central},
	title = {Morphisms of reaction networks that couple structure to function},
	year = {2014},
  doi = {10.1186/1752-0509-8-84}
}

@misc{jakobhansen,
	author = {Jakob Hansen},
	title = {A Gentle Introduction to Sheaves on Graphs},
	year = {2021},
	note = {[Accessed 13-04-2024]},
}
@INPROCEEDINGS{flowsheaf,
  author={Ghrist, Robert and Krishnan, Sanjeevi},
  booktitle={2013 IEEE Global Conference on Signal and Information Processing}, 
  title={A topological max-flow-min-cut theorem}, 
  year={2013},
  volume={},
  number={},
  pages={815-818},
  keywords={Vectors;Topology;Encoding;Optimization;Lattices;Educational institutions;Network topology;topology;network flow;optimization;sheaves},
  doi={10.1109/GlobalSIP.2013.6737016}}

